<?xml version="1.0" encoding="UTF-8"?><collection xmlns="http://www.loc.gov/MARC21/slim"><record><leader>00548nam--2200193-u-4500</leader><controlfield tag="001">000056933</controlfield><controlfield tag="002">20200917</controlfield><controlfield tag="005">20200917035833</controlfield><controlfield tag="008">200917s1000------------r-----000-0-eng-d</controlfield><datafield ind1=" " ind2=" " tag="040"><subfield code="a">IFIN-HH</subfield></datafield><datafield ind1=" " ind2=" " tag="041"><subfield code="e">ng</subfield></datafield><datafield ind1="1" ind2=" " tag="100"><subfield code="a">Delli Santi, Patricia</subfield></datafield><datafield ind1="1" ind2="0" tag="245"><subfield code="a">Who's Who in Science and Engineering. 2011-2012</subfield><subfield code="c">Patricia Delli Santi (Ed.)</subfield></datafield><datafield ind1=" " ind2=" " tag="250"><subfield code="a">11th Edition</subfield></datafield><datafield ind1=" " ind2=" " tag="260"><subfield code="a">New Jersey</subfield><subfield code="b">Marquis Who's Who</subfield><subfield code="c">2010</subfield></datafield><datafield ind1=" " ind2=" " tag="300"><subfield code="a">XIII+2492 p</subfield></datafield><datafield ind1=" " ind2=" " tag="500"><subfield code="a">Donatie Acad. Nicolae Victor Zamfir</subfield></datafield><datafield ind1=" " ind2=" " tag="852"><subfield code="a">82845</subfield><subfield code="c">NVZ</subfield></datafield><datafield ind1=" " ind2=" " tag="CAT"><subfield code="a">SYS</subfield><subfield code="c">20200917</subfield><subfield code="h">035833</subfield></datafield></record></collection>